<record><leader>00000cas a22000007a 4500</leader><controlfield tag="001">20520116</controlfield><controlfield tag="008">891020d18881889moudn ne      0    0eng d</controlfield><datafield ind1=" " ind2=" " tag="010"><subfield code="a">sn 89066843 </subfield></datafield><datafield ind1=" " ind2=" " tag="040"><subfield code="a">MQN</subfield><subfield code="b">eng</subfield><subfield code="c">MQN</subfield><subfield code="d">OCLCQ</subfield></datafield><datafield ind1=" " ind2=" " tag="042"><subfield code="a">msc</subfield></datafield><datafield ind1="0" ind2="0" tag="245"><subfield code="a">Clinton evening advocate.</subfield></datafield><datafield ind1=" " ind2=" " tag="260"><subfield code="a">Clinton, Mo. :</subfield><subfield code="b">Miller and Keiser,</subfield><subfield code="c">1888-1889.</subfield></datafield><datafield ind1=" " ind2=" " tag="300"><subfield code="a">v.</subfield></datafield><datafield ind1=" " ind2=" " tag="310"><subfield code="a">Daily (except Sun.)</subfield></datafield><datafield ind1="0" ind2=" " tag="362"><subfield code="a">Vol. 1, no. 2 (May 1, 1888)-v. 5, no. 262 (Feb. 13, 1889).</subfield></datafield><datafield ind1=" " ind2=" " tag="752"><subfield code="a">United States</subfield><subfield code="b">Missouri</subfield><subfield code="c">Henry</subfield><subfield code="d">Clinton.</subfield></datafield><datafield ind1="0" ind2=" " tag="775"><subfield code="t">Clinton advocate (Clinton, Mo.)</subfield><subfield code="w">(DLC)sn 86054015</subfield></datafield><datafield ind1="0" ind2="0" tag="780"><subfield code="t">Daily advocate (Clinton, Mo.)</subfield><subfield code="w">(DLC)sn 89066842</subfield></datafield><datafield ind1="0" ind2="0" tag="785"><subfield code="t">Evening advocate (Clinton, Mo.)</subfield><subfield code="w">(DLC)sn 89066844</subfield></datafield></record>